%!TEX root = main.tex

@article{hardy1916weierstrass,
  title={Weierstrassâ€™s non-differentiable function},
  author={Hardy, Godefroy Harold},
  journal={Trans.~Amer.~Math.~Soc},
  volume={17},
  number={3},
  pages={301--325},
  year={1916}
}
@book{peressini1988mathematics,
  title={The mathematics of nonlinear programming},
  author={Peressini, Anthony L and Sullivan, Francis E and Uhl, J Jerry},
  year={1988},
  publisher={Springer-Verlag New York}
}
@book{finney2001thomas,
  title={Thomas' calculus: early transcendentals},
  author={Finney, Ross L and Weir, Maurice D and Thomas, George Brinton},
  year={2001},
  publisher={Addison-Wesley}
}

@book{bertsekas1999nonlinear,
  title={Nonlinear programming},
  author={Bertsekas, Dimitri P},
  year={1999},
  publisher={Athena scientific Belmont}
}

@book{gautschi2011numerical,
  title={Numerical analysis},
  author={Gautschi, Walter},
  year={2011},
  publisher={Springer Science \& Business Media}
}

@book{rudin1964principles,
  title={Principles of mathematical analysis},
  author={Rudin, Walter and others},
  volume={3},
  year={1964},
  publisher={McGraw-hill New York}
}

@book{blanco2015mastering,
  title={Mastering SciPy},
  author={Blanco-Silva, Francisco J},
  year={2015},
  publisher={Packt Publishing Ltd}
}

@online{Freund2004nonlinear,
  title={Nonlinear Programming},
  author={Freund, Robert},
  year={2004},
  howpublished={Massachusetts Institute of Technology: MIT OpenCourseWare},
  note={\url{https://ocw.mit.edu} License: Creative Commons BY-NC-SA}
}

@Article{Hunter:2007,
  Author    = {Hunter, J. D.},
  Title     = {Matplotlib: A 2D graphics environment},
  Journal   = {Computing In Science \& Engineering},
  Volume    = {9},
  Number    = {3},
  Pages     = {90--95},
  abstract  = {Matplotlib is a 2D graphics package used for Python
  for application development, interactive scripting, and
  publication-quality image generation across user
  interfaces and operating systems.},
  publisher = {IEEE COMPUTER SOC},
  doi = {10.1109/MCSE.2007.55},
  year      = 2007
}

@book{dennis1996numerical,
  title={Numerical methods for unconstrained optimization and nonlinear equations},
  author={Dennis Jr, John E and Schnabel, Robert B},
  year={1996},
  publisher={SIAM}
}

@article{broyden1970convergence,
  title={The convergence of a class of double-rank minimization algorithms 1. general considerations},
  author={Broyden, Charles George},
  journal={IMA Journal of Applied Mathematics},
  volume={6},
  number={1},
  pages={76--90},
  year={1970},
  publisher={Oxford University Press}
}

@article{fletcher1970new,
  title={A new approach to variable metric algorithms},
  author={Fletcher, Roger},
  journal={The computer journal},
  volume={13},
  number={3},
  pages={317--322},
  year={1970},
  publisher={Oxford University Press}
}

@article{goldfarb1970family,
  title={A family of variable-metric methods derived by variational means},
  author={Goldfarb, Donald},
  journal={Mathematics of computation},
  volume={24},
  number={109},
  pages={23--26},
  year={1970}
}

@article{shanno1970conditioning,
  title={Conditioning of quasi-Newton methods for function minimization},
  author={Shanno, David F},
  journal={Mathematics of computation},
  volume={24},
  number={111},
  pages={647--656},
  year={1970}
}

@article{shanno1970optimal,
  title={Optimal conditioning of quasi-Newton methods},
  author={Shanno, David F and Kettler, Paul C},
  journal={Mathematics of Computation},
  volume={24},
  number={111},
  pages={657--664},
  year={1970}
}

@misc{dantzig1963linear,
  title={Linear Programming and Extensions, series Rand Corporation Research Study Princeton Univ},
  author={Dantzig, G},
  year={1963},
  publisher={Press}
}
