%!TEX root = notes.tex

@article{hardy1916weierstrass,
  title={Weierstrassâ€™s non-differentiable function},
  author={Hardy, Godefroy Harold},
  journal={Trans.~Amer.~Math.~Soc},
  volume={17},
  number={3},
  pages={301--325},
  year={1916}
}
@book{peressini1988mathematics,
  title={The mathematics of nonlinear programming},
  author={Peressini, Anthony L and Sullivan, Francis E and Uhl, J Jerry},
  year={1988},
  publisher={Springer-Verlag New York}
}
@book{finney2001thomas,
  title={Thomas' calculus: early transcendentals},
  author={Finney, Ross L and Weir, Maurice D and Thomas, George Brinton},
  year={2001},
  publisher={Addison-Wesley}
}